%YAML 1.1
%TAG !u! tag:unity3d.com,2011:
--- !u!1 &510111024029682352
GameObject:
  m_ObjectHideFlags: 0
  m_CorrespondingSourceObject: {fileID: 0}
  m_PrefabInstance: {fileID: 0}
  m_PrefabAsset: {fileID: 0}
  serializedVersion: 6
  m_Component:
  - component: {fileID: 510111024029682348}
  - component: {fileID: 510111024029682354}
  - component: {fileID: 510111024029682353}
  - component: {fileID: 7151270743500197981}
  - component: {fileID: -8590259355698304216}
  m_Layer: 14
  m_Name: PREF_RedShellObjectAuto
  m_TagString: Untagged
  m_Icon: {fileID: 0}
  m_NavMeshLayer: 0
  m_StaticEditorFlags: 0
  m_IsActive: 1
--- !u!4 &510111024029682348
Transform:
  m_ObjectHideFlags: 0
  m_CorrespondingSourceObject: {fileID: 0}
  m_PrefabInstance: {fileID: 0}
  m_PrefabAsset: {fileID: 0}
  m_GameObject: {fileID: 510111024029682352}
  m_LocalRotation: {x: 0, y: 0, z: 0, w: 1}
  m_LocalPosition: {x: 2.5474503, y: 0.601, z: -6.7952194}
  m_LocalScale: {x: 1, y: 1, z: 1}
  m_Children:
  - {fileID: 8827963222808821799}
  m_Father: {fileID: 0}
  m_RootOrder: 0
  m_LocalEulerAnglesHint: {x: 0, y: 0, z: 0}
--- !u!54 &510111024029682354
Rigidbody:
  m_ObjectHideFlags: 0
  m_CorrespondingSourceObject: {fileID: 0}
  m_PrefabInstance: {fileID: 0}
  m_PrefabAsset: {fileID: 0}
  m_GameObject: {fileID: 510111024029682352}
  serializedVersion: 2
  m_Mass: 1
  m_Drag: 0
  m_AngularDrag: 0.05
  m_UseGravity: 0
  m_IsKinematic: 0
  m_Interpolate: 0
  m_Constraints: 112
  m_CollisionDetection: 0
--- !u!135 &510111024029682353
SphereCollider:
  m_ObjectHideFlags: 0
  m_CorrespondingSourceObject: {fileID: 0}
  m_PrefabInstance: {fileID: 0}
  m_PrefabAsset: {fileID: 0}
  m_GameObject: {fileID: 510111024029682352}
  m_Material: {fileID: 0}
  m_IsTrigger: 1
  m_Enabled: 1
  serializedVersion: 2
  m_Radius: 0.25
  m_Center: {x: 0, y: 0, z: 0}
--- !u!114 &7151270743500197981
MonoBehaviour:
  m_ObjectHideFlags: 0
  m_CorrespondingSourceObject: {fileID: 0}
  m_PrefabInstance: {fileID: 0}
  m_PrefabAsset: {fileID: 0}
  m_GameObject: {fileID: 510111024029682352}
  m_Enabled: 1
  m_EditorHideFlags: 0
  m_Script: {fileID: 11500000, guid: 87d188a4dcee3a747b63c133f77ac02e, type: 3}
  m_Name: 
  m_EditorClassIdentifier: 
  RedShellEffects:
  - {fileID: 11400000, guid: c797e6a2a55d10f4181f0632725e7361, type: 2}
  PowerUpOwner: {fileID: 0}
  m_TargetingRange: 10
  m_TargetLayerMask:
    serializedVersion: 2
    m_Bits: 512
  m_MovementSpeed: 40
  m_DistanceFromGround: 0.1
--- !u!114 &-8590259355698304216
MonoBehaviour:
  m_ObjectHideFlags: 0
  m_CorrespondingSourceObject: {fileID: 0}
  m_PrefabInstance: {fileID: 0}
  m_PrefabAsset: {fileID: 0}
  m_GameObject: {fileID: 510111024029682352}
  m_Enabled: 1
  m_EditorHideFlags: 0
  m_Script: {fileID: 11500000, guid: 0b7a9ae52aae91640af5d0ed6b80ce74, type: 3}
  m_Name: 
  m_EditorClassIdentifier: 
  m_Speed: 40
  m_StartOffset: 0
  m_MainTrack: 1
  m_FollowMode: 1
  m_IsOffset: 1
  m_HeightOffset: 0.1
--- !u!114 &3015494498779843966
MonoBehaviour:
  m_ObjectHideFlags: 0
  m_CorrespondingSourceObject: {fileID: 0}
  m_PrefabInstance: {fileID: 0}
  m_PrefabAsset: {fileID: 0}
  m_GameObject: {fileID: 5537281431302926900}
  m_Enabled: 1
  m_EditorHideFlags: 0
  m_Script: {fileID: 11500000, guid: 9b44e9e1d2da9f041afa810dcebad942, type: 3}
  m_Name: 
  m_EditorClassIdentifier: 
  rotateSpeed: 15
--- !u!1001 &4609870766876535613
PrefabInstance:
  m_ObjectHideFlags: 0
  serializedVersion: 2
  m_Modification:
    m_TransformParent: {fileID: 510111024029682348}
    m_Modifications:
    - target: {fileID: -927199367670048503, guid: 3ea7f8d79819b57418ac6a554680d097,
        type: 3}
      propertyPath: m_Name
      value: Shell (Red)
      objectReference: {fileID: 0}
    - target: {fileID: -927199367670048503, guid: 3ea7f8d79819b57418ac6a554680d097,
        type: 3}
      propertyPath: m_Layer
      value: 14
      objectReference: {fileID: 0}
    - target: {fileID: -4216859302048453862, guid: 3ea7f8d79819b57418ac6a554680d097,
        type: 3}
      propertyPath: m_LocalPosition.x
      value: 0
      objectReference: {fileID: 0}
    - target: {fileID: -4216859302048453862, guid: 3ea7f8d79819b57418ac6a554680d097,
        type: 3}
      propertyPath: m_LocalPosition.y
      value: 0
      objectReference: {fileID: 0}
    - target: {fileID: -4216859302048453862, guid: 3ea7f8d79819b57418ac6a554680d097,
        type: 3}
      propertyPath: m_LocalPosition.z
      value: 0
      objectReference: {fileID: 0}
    - target: {fileID: -4216859302048453862, guid: 3ea7f8d79819b57418ac6a554680d097,
        type: 3}
      propertyPath: m_LocalRotation.x
      value: 0.000000057601163
      objectReference: {fileID: 0}
    - target: {fileID: -4216859302048453862, guid: 3ea7f8d79819b57418ac6a554680d097,
        type: 3}
      propertyPath: m_LocalRotation.y
      value: 0.7071067
      objectReference: {fileID: 0}
    - target: {fileID: -4216859302048453862, guid: 3ea7f8d79819b57418ac6a554680d097,
        type: 3}
      propertyPath: m_LocalRotation.z
      value: -0.000000057601156
      objectReference: {fileID: 0}
    - target: {fileID: -4216859302048453862, guid: 3ea7f8d79819b57418ac6a554680d097,
        type: 3}
      propertyPath: m_LocalRotation.w
      value: 0.7071068
      objectReference: {fileID: 0}
    - target: {fileID: -4216859302048453862, guid: 3ea7f8d79819b57418ac6a554680d097,
        type: 3}
      propertyPath: m_RootOrder
      value: 0
      objectReference: {fileID: 0}
    - target: {fileID: -4216859302048453862, guid: 3ea7f8d79819b57418ac6a554680d097,
        type: 3}
      propertyPath: m_LocalEulerAnglesHint.x
      value: 0
      objectReference: {fileID: 0}
    - target: {fileID: -4216859302048453862, guid: 3ea7f8d79819b57418ac6a554680d097,
        type: 3}
      propertyPath: m_LocalEulerAnglesHint.y
      value: 0
      objectReference: {fileID: 0}
    - target: {fileID: -4216859302048453862, guid: 3ea7f8d79819b57418ac6a554680d097,
        type: 3}
      propertyPath: m_LocalEulerAnglesHint.z
      value: 0
      objectReference: {fileID: 0}
    - target: {fileID: -4216859302048453862, guid: 3ea7f8d79819b57418ac6a554680d097,
        type: 3}
      propertyPath: m_LocalScale.x
      value: 0.25
      objectReference: {fileID: 0}
    - target: {fileID: -4216859302048453862, guid: 3ea7f8d79819b57418ac6a554680d097,
        type: 3}
      propertyPath: m_LocalScale.y
      value: 0.25
      objectReference: {fileID: 0}
    - target: {fileID: -4216859302048453862, guid: 3ea7f8d79819b57418ac6a554680d097,
        type: 3}
      propertyPath: m_LocalScale.z
      value: 0.25
      objectReference: {fileID: 0}
    m_RemovedComponents: []
  m_SourcePrefab: {fileID: 100100000, guid: 3ea7f8d79819b57418ac6a554680d097, type: 3}
--- !u!1 &5537281431302926900 stripped
GameObject:
  m_CorrespondingSourceObject: {fileID: -927199367670048503, guid: 3ea7f8d79819b57418ac6a554680d097,
    type: 3}
  m_PrefabInstance: {fileID: 4609870766876535613}
  m_PrefabAsset: {fileID: 0}
--- !u!4 &8827963222808821799 stripped
Transform:
  m_CorrespondingSourceObject: {fileID: -4216859302048453862, guid: 3ea7f8d79819b57418ac6a554680d097,
    type: 3}
  m_PrefabInstance: {fileID: 4609870766876535613}
  m_PrefabAsset: {fileID: 0}
